@misc{RobocupObjective,
  title = {Robocup Objective},
  howpublished = {\url{https://www.robocup.org/objective}},
  note = {Accessed: 2019-01-02},
  year = {2016},
  author = {robocup}
}

@misc{RobocupHistory,
  title = {Robocup history},
  howpublished = {\url{https://www.robocup.org/a_brief_history_of_robocup}},
  note = {Accessed: 2019-01-02},
  year = {2016},
  author = {robocup}
}

@misc{MX28,
  title = {MX28},
  howpublished = {\url{http://www.robotis.us/dynamixel-mx-28t/}},
  note = {Accessed: 2019-01-02},
  year = {2019},
  author = {robotis}
}

@mastersthesis{masterGL,
  author       = {Lempereur Guillaume}, 
  title        = {Development of an embedded servomotor controller},
  school       = {Uliege},
  year         = {2015-2016},
}

@Inbook{Gay2018,
author="Gay, Warren",
title="Introduction",
bookTitle="Beginning STM32: Developing with FreeRTOS, libopencm3 and GCC",
year="2018",
publisher="Apress",
address="Berkeley, CA",
pages="1--16",
abstract="With the technology ranging from microcontrollers to full servers, the question naturally arises: ``Why study embedded device programming? Why not focus on end-user systems running Linux, like the Raspberry Pi?''",
isbn="978-1-4842-3624-6",
doi="10.1007/978-1-4842-3624-6_1",
url="https://doi.org/10.1007/978-1-4842-3624-6_1"
}